<record><leader>00000cas a2200000 a 4500</leader><controlfield tag="001">47857473</controlfield><controlfield tag="008">010828d1884189umiuwr n       0    0eng c</controlfield><datafield ind1=" " ind2=" " tag="010"><subfield code="a">sn2001063706</subfield></datafield><datafield ind1=" " ind2=" " tag="040"><subfield code="a">MHN</subfield><subfield code="b">eng</subfield><subfield code="c">MHN</subfield><subfield code="d">OCLCQ</subfield><subfield code="d">OCLCF</subfield><subfield code="d">OCLCO</subfield></datafield><datafield ind1="1" ind2=" " tag="029"><subfield code="a">AU@</subfield><subfield code="b">000022959880</subfield></datafield><datafield ind1=" " ind2=" " tag="042"><subfield code="a">pcc</subfield></datafield><datafield ind1=" " ind2=" " tag="043"><subfield code="a">n-us-mi</subfield></datafield><datafield ind1="0" ind2=" " tag="130"><subfield code="a">Mayville monitor (Mayville, Mich. : 1884)</subfield></datafield><datafield ind1="1" ind2="0" tag="245"><subfield code="a">Mayville monitor.</subfield></datafield><datafield ind1=" " ind2=" " tag="260"><subfield code="a">Mayville, Mich. :</subfield><subfield code="b">F.M. Johnson</subfield></datafield><datafield ind1=" " ind2=" " tag="300"><subfield code="a">v.</subfield></datafield><datafield ind1=" " ind2=" " tag="310"><subfield code="a">Weekly</subfield></datafield><datafield ind1="0" ind2=" " tag="362"><subfield code="a">Vol. 1, no. 1 (Mar. 26, 1884)-</subfield></datafield><datafield ind1=" " ind2=" " tag="588"><subfield code="a">Description based on: Reproduction of Mar. 26, 1884 issues reprinted in July 22, 1976 issue.</subfield></datafield><datafield ind1=" " ind2="0" tag="651"><subfield code="a">Mayville (Mich.)</subfield><subfield code="v">Newspapers.</subfield></datafield><datafield ind1=" " ind2="0" tag="651"><subfield code="a">Tuscola County (Mich.)</subfield><subfield code="v">Newspapers.</subfield></datafield><datafield ind1=" " ind2="7" tag="655"><subfield code="a">Newspapers.</subfield><subfield code="2">fast</subfield><subfield code="0">(OCoLC)fst01423814</subfield></datafield><datafield ind1=" " ind2="7" tag="651"><subfield code="a">Michigan</subfield><subfield code="z">Mayville.</subfield><subfield code="2">fast</subfield><subfield code="0">(OCoLC)fst01281955</subfield></datafield><datafield ind1=" " ind2="7" tag="651"><subfield code="a">Michigan</subfield><subfield code="z">Tuscola County.</subfield><subfield code="2">fast</subfield><subfield code="0">(OCoLC)fst01214777</subfield></datafield><datafield ind1=" " ind2=" " tag="752"><subfield code="a">United States</subfield><subfield code="b">Michigan</subfield><subfield code="c">Tuscola</subfield><subfield code="d">Mayville.</subfield></datafield><datafield ind1="0" ind2="7" tag="785"><subfield code="t">Saturday sayings</subfield><subfield code="w">(DLC)sn2001063704</subfield><subfield code="w">(OCoLC)47857437</subfield></datafield><datafield ind1="0" ind2="7" tag="785"><subfield code="t">Mayville monitor-sayings</subfield><subfield code="w">(DLC)sn2001063705</subfield><subfield code="w">(OCoLC)new</subfield></datafield></record>